% Copyright 2007 TeX Users Group.
% You may freely use, modify and/or distribute this file.

@ARTICLE{,
  author =       "",
  title =        "",
  journal =      "",
  year =         "",
  volume =       "",
  number =       "",
  pages =        "",
  month =        "",
  note =         "",
  abstract =     "",
  keywords =     "",
  source =       "",
  file = F
}
