% Copyright 2007 TeX Users Group.
% You may freely use, modify and/or distribute this file.

@PROCEEDINGS{,
  title =        "",
  booktitle =    "",
  year =         "",
  editor =       "",
  publisher =    "",
  volumn =       "",
  organization = "",
  address =      "",
  month =        "",
  note =         "",
  isbn =         "",
  price =        "",
  abstract =     "",
  keywords =     "",
  source =       "",
  file = F
}
