% Copyright 2007 TeX Users Group.
% You may freely use, modify and/or distribute this file.

@TECHREPORT{,
  author =       "",
  title =        "",
  institution =  "",
  year =         "",
  type =         "",
  number =       "",
  address =      "",
  month =        "",
  note =         "",
  abstract =     "",
  keywords =     "",
  source =       "",
  file = F
}
