% Copyright 2007 TeX Users Group.
% You may freely use, modify and/or distribute this file.

@BOOKLET{,
  title =        "",
  author =       "",
  howpublished = "",
  address =      "",
  month =        "",
  year =         "",
  note =         "",
  abstract =     "",
  keywords =     "",
  source =       "",
  file = F
}
