% Copyright 2007 TeX Users Group.
% You may freely use, modify and/or distribute this file.

@BOOK{,
  editor =       "",
  title =        "",
  booktitle =    "",
  publisher =    "",
  year =         "",
  volume =       "",
  series =       "",
  address =      "",
  edition =      "",
  month =        "",
  note =         "",
  isbn =         "",
  price =        "",
  abstract =     "",
  keywords =     "",
  source =       "",
  file = F
}
