% Copyright 2007 TeX Users Group.
% You may freely use, modify and/or distribute this file.

@INPROCEEDINGS{,
  crossref =     "",
  author =       "",
  title =        "",
  year =         "",
  pages =        "",
  note =         "",
  abstract =     "",
  keywords =     "",
  file = F
}
