% Copyright 2007 TeX Users Group.
% You may freely use, modify and/or distribute this file.

@MANUAL{,
  title =        "",
  author =       "",
  organization = "",
  address =      "",
  edition =      "",
  month =        "",
  year =         "",
  note =         "",
  abstract =     "",
  keywords =     "",
  source =       "",
  file = F
}
