% Copyright 2007 TeX Users Group.
% You may freely use, modify and/or distribute this file.

@MASTERSTHESIS{,
  author =       "",
  title =        "",
  school =       "",
  year =         "",
  address =      "",
  month =        "",
  note =         "",
  abstract =     "",
  keywords =     "",
  source =       "",
  file = F
}
